@article{dujmovic2004linear,
  title={On linear layouts of graphs},
  author={Dujmovic, Vida and Wood, David R},
  journal={Discrete Mathematics and Theoretical Computer Science},
  volume={6},
  number={2},
  year={2004},
  publisher={DMTCS}
}

@inproceedings{Bekos2015TheBE,
  title={The Book Embedding Problem from a SAT-Solving Perspective},
  author={Michael A. Bekos and Michael Kaufmann and Christian Zielke},
  booktitle={Graph Drawing},
  year={2015}
}

@inproceedings{yannakakis1986four,
  title={Four pages are necessary and sufficient for planar graphs},
  author={Yannakakis, Mihalis},
  booktitle={Proceedings of the eighteenth annual ACM symposium on Theory of computing},
  pages={104--108},
  year={1986},
  organization={ACM}
}

@misc{yfiles,
	title={yFiles for HTML - API}, 
	url={https://docs.yworks.com/yfileshtml/#/home}, 
	journal={yFiles for HTML 2.2 Documentation}
}

@article{goldner1975note,
  title={Note on a smallest nonhamiltonian maximal planar graph},
  author={Goldner, A and Harary, Frank},
  journal={Bull. Malaysian Math. Soc},
  volume={6},
  number={1},
  pages={41--42},
  year={1975}
}

@misc{wikipediaGraphML, 
	title={GraphML}, 
	url={https://de.wikipedia.org/wiki/GraphML}, 
	journal={Wikipedia}, 
	publisher={Wikimedia Foundation}, 
	year={2019}, 
	month={Apr}
	}
@misc{linearLayoutApi, 
	author= "{Mirco Haug}",
	title={Linear layout API}, 
	url={http://sofa.fsi.uni-tuebingen.de:5555/}, 
	journal={Linear layout API}
} 

@misc{w3c, 
	author={W3C},
	title={HTML 5.1 2nd Edition}, 
	url={https://www.w3.org/TR/html51/}, 		
	journal={W3C}
} 

@misc{wiki-html,
    author = "{Wikipedia contributors}",
    title = "HTML --- {Wikipedia}{,} The Free Encyclopedia",
    year = "2019",
    url = "https://en.wikipedia.org/w/index.php?title=HTML&oldid=906362850",
    note = "[Online; accessed 29-July-2019]"
}

@misc{wiki-js,
    author = "{Wikipedia contributors}",
    title = "JavaScript --- {Wikipedia}{,} The Free Encyclopedia",
    year = "2019",
    url = "https://en.wikipedia.org/w/index.php?title=JavaScript&oldid=908233983",
    note = "[Online; accessed 29-July-2019]"
  }
  
@misc{mdn-web-dokumentation, 
	author={Mozilla Corporation},
	title={JavaScript}, 
	url={https://developer.mozilla.org/de/docs/Web/JavaScript}, 
	journal={MDN-Web-Dokumentation}
} 

@BOOK{Ackermann2015,
	AUTHOR = {Ackermann, Philip},
	YEAR = {2015},
	TITLE = {Professionell entwickeln mit JavaScript : Design, Patterns, Praxistipps - },
	EDITION = {1. Aufl.},
	ISBN = {978-3-836-22379-9},
	PUBLISHER = {Rheinwerk Verlag},
	ADDRESS = {Bonn},
}
